<?xml version="1.0" encoding="UTF-8"?><record xmlns="http://www.loc.gov/MARC21/slim" xmlns:cinclude="http://apache.org/cocoon/include/1.0" xmlns:zs="http://www.loc.gov/zing/srw/">
  <leader>00827cz  a2200169n  4500</leader>
  <controlfield tag="001">n  84800550 </controlfield>
  <controlfield tag="003">DLC</controlfield>
  <controlfield tag="005">20120809082245.0</controlfield>
  <controlfield tag="008">840411n| acannaabn          |a ana      </controlfield>
  <datafield tag="010" ind1=" " ind2=" ">
    <subfield code="a">n  84800550 </subfield>
  </datafield>
  <datafield tag="035" ind1=" " ind2=" ">
    <subfield code="a">(OCoLC)oca01075050</subfield>
  </datafield>
  <datafield tag="040" ind1=" " ind2=" ">
    <subfield code="a">DLC</subfield>
    <subfield code="b">eng</subfield>
    <subfield code="c">DLC</subfield>
    <subfield code="d">OCoLC</subfield>
    <subfield code="d">DLC</subfield>
  </datafield>
  <datafield tag="111" ind1="2" ind2=" ">
    <subfield code="a">Colloquio franco-italiano di fisica sanitaria</subfield>
  </datafield>
  <datafield tag="411" ind1="2" ind2=" ">
    <subfield code="w">nnaa</subfield>
    <subfield code="a">Colloquio franco-italiano di fisica sanitaria,</subfield>
    <subfield code="n">2d,</subfield>
    <subfield code="c">Saluggia,</subfield>
    <subfield code="d">1961</subfield>
  </datafield>
  <datafield tag="411" ind1="2" ind2=" ">
    <subfield code="a">Fisica sanitaria, Colloquio franco-italiano di</subfield>
  </datafield>
  <datafield tag="667" ind1=" " ind2=" ">
    <subfield code="a">THIS 1XX FIELD CANNOT BE USED UNDER RDA UNTIL THIS RECORD HAS BEEN REVIEWED AND/OR UPDATED</subfield>
  </datafield>
  <datafield tag="670" ind1=" " ind2=" ">
    <subfield code="a">Its (2nd : 1961 : Saluggia, Italy). Secondo Colloquio franco-italiano di fisica sanitaria, 1961</subfield>
    <subfield code="b">(hdg.: Colloquio franco-italiano di fisica sanitaria, 2d, Saluggia, 1961; usage: Secondo Colloquio franco-italiano di fisica sanitaria)</subfield>
  </datafield>
</record>